@article{kreidberg14a,
	Adsnote = {Provided by the SAO/NASA Astrophysics Data System},
	Adsurl = {http://adsabs.harvard.edu/abs/2014Natur.505...69K},
	Archiveprefix = {arXiv},
	Author = {{Kreidberg}, L. and {Bean}, J.~L. and {D{\'e}sert}, J.-M. and {Benneke}, B. and {Deming}, D. and {Stevenson}, K.~B. and {Seager}, S. and {Berta-Thompson}, Z. and {Seifahrt}, A. and {Homeier}, D.},
	Doi = {10.1038/nature12888},
	Eprint = {1401.0022},
	Journal = {\nat},
	Month = jan,
	Pages = {69-72},
	Primaryclass = {astro-ph.EP},
	Title = {{Clouds in the atmosphere of the super-Earth exoplanet GJ1214b}},
	Volume = 505,
	Year = 2014,
	Bdsk-Url-1 = {http://dx.doi.org/10.1038/nature12888}}


@article{kreidberg14b,
	Adsnote = {Provided by the SAO/NASA Astrophysics Data System},
	Adsurl = {http://adsabs.harvard.edu/abs/2014ApJ...793L..27K},
	Archiveprefix = {arXiv},
	Author = {{Kreidberg}, L. and {Bean}, J.~L. and {D{\'e}sert}, J.-M. and {Line}, M.~R. and {Fortney}, J.~J. and {Madhusudhan}, N. and {Stevenson}, K.~B. and {Showman}, A.~P. and {Charbonneau}, D. and {McCullough}, P.~R. and {Seager}, S. and {Burrows}, A. and {Henry}, G.~W. and {Williamson}, M. and {Kataria}, T. and {Homeier}, D.},
	Doi = {10.1088/2041-8205/793/2/L27},
	Eid = {L27},
	Eprint = {1410.2255},
	Journal = {\apjl},
	Keywords = {planets and satellites: atmospheres, planets and satellites: composition, planets and satellites: individual: WASP-43b},
	Month = oct,
	Pages = {L27},
	Primaryclass = {astro-ph.EP},
	Title = {{A Precise Water Abundance Measurement for the Hot Jupiter WASP-43b}},
	Volume = 793,
	Year = 2014,
	Bdsk-Url-1 = {http://dx.doi.org/10.1088/2041-8205/793/2/L27}}


@ARTICLE{stevenson16,
   author = {{Stevenson}, K.~B.},
    title = "{Quantifying and Predicting the Presence of Clouds in Exoplanet Atmospheres}",
  journal = {\apjl},
archivePrefix = "arXiv",
   eprint = {1601.03492},
 primaryClass = "astro-ph.EP",
 keywords = {methods: analytical, planets and satellites: atmospheres, techniques: spectroscopic},
     year = 2016,
    month = feb,
   volume = 817,
      eid = {L16},
    pages = {L16},
      doi = {10.3847/2041-8205/817/2/L16},
   adsurl = {http://adsabs.harvard.edu/abs/2016ApJ...817L..16S},
  adsnote = {Provided by the SAO/NASA Astrophysics Data System}
}

@ARTICLE{evans16,
   author = {{Evans}, T.~M. and {Sing}, D.~K. and {Wakeford}, H.~R. and {Nikolov}, N. and 
	{Ballester}, G.~E. and {Drummond}, B. and {Kataria}, T. and 
	{Gibson}, N.~P. and {Amundsen}, D.~S. and {Spake}, J.},
    title = "{Detection of H$_{2}$O and Evidence for TiO/VO in an Ultra-hot Exoplanet Atmosphere}",
  journal = {\apjl},
archivePrefix = "arXiv",
   eprint = {1604.02310},
 primaryClass = "astro-ph.EP",
 keywords = {planets and satellites: atmospheres, stars: individual: WASP-121, techniques: photometric, techniques: spectroscopic},
     year = 2016,
    month = may,
   volume = 822,
      eid = {L4},
    pages = {L4},
      doi = {10.3847/2041-8205/822/1/L4},
   adsurl = {http://adsabs.harvard.edu/abs/2016ApJ...822L...4E},
  adsnote = {Provided by the SAO/NASA Astrophysics Data System}
}


@ARTICLE{line16,
   author = {{Line}, M.~R. and {Stevenson}, K.~B. and {Bean}, J. and {Desert}, J.-M. and 
	{Fortney}, J.~J. and {Kreidberg}, L. and {Madhusudhan}, N. and 
	{Showman}, A.~P. and {Diamond-Lowe}, H.},
    title = "{No Thermal Inversion and a Solar Water Abundance for the Hot Jupiter HD 209458b from HST/WFC3 Spectroscopy}",
  journal = {\aj},
archivePrefix = "arXiv",
   eprint = {1605.08810},
 primaryClass = "astro-ph.EP",
 keywords = {methods: statistical, planets and satellites: atmospheres, planets and satellites: composition, planets and satellites: gaseous planets, planets and satellites: individual: HD 209458b, techniques: spectroscopic},
     year = 2016,
    month = dec,
   volume = 152,
      eid = {203},
    pages = {203},
      doi = {10.3847/0004-6256/152/6/203},
   adsurl = {http://adsabs.harvard.edu/abs/2016AJ....152..203L},
  adsnote = {Provided by the SAO/NASA Astrophysics Data System}
}
